@book{thomas2001introduction,
  title={Introduction to algorithms},
  author={T. H. Cormen and C. E. Leiserson, R. L.  Rivest, Ronald L and C. Stein},
  volume={6},
  year={2001},
  publisher={MIT press Cambridge}
}

