
@book{BertB,
Address = {Belmont, MA},
Author = {Bertsekas, D. P.},
Date-Modified = {2015-06-13 15:43:41 +0000},
Edition = {4th},
Publisher = {Athena Scientific},
Title = {Dynamic Programming and Optimal Control},
Volume = {II},
Year = {2013}}
@article{const,
  title={An actor-critic algorithm for constrained Markov decision processes},
  author={V. S. Borkar},
  journal={Systems \& control letters},
  volume={54},
  number={3},
  pages={207--213},
  year={2005},
  publisher={Elsevier}
}



@incollection{dpchapter,
	Address = {Belmont, MA},
	Author = {D. P. Bertsekas},
	Booktitle = {Dynamic Programming and Optimal Control},
	Date-Modified = {2015-06-13 15:43:46 +0000},
	Edition = {3rd},
	Publisher = {Athena Scientific},
	Title = {Approximate Dynamic Programming},
	Volume = {II},
	Year = {2011}}


@book{sutton,
	Address = {Cambridge, MA, USA},
	Author = { R. S. Sutton and A. G. Barto},
	Edition = {1st},
	Isbn = {0262193981},
	Publisher = {MIT Press},
	Title = {Introduction to Reinforcement Learning},
	Year = {1998}}


@book{sa,
    author    = "V. S. Borkar",
    title     = "Stochastic Approximation: A Dynamical Systems Viewpoint",
    year      = "2008",
    publisher = "TRIM",
}


@inproceedings{auer,
  title={Gambling in a rigged casino: The adversarial multi-armed bandit problem},
  author={P. Auer and N. Cesa-Bianchi and Y. Freund and R. E. Schapire},
  booktitle={Foundations of Computer Science, 1995. Proceedings., 36th Annual Symposium on},
  pages={322--331},
  year={1995},
  organization={IEEE}
}


@article{smpl,
  title={Exact and approximate approaches to the identification of stochastic max-plus-linear systems},
  author={S. S. Farahani and T. van den Boom and B. De Schutter},
  journal={Discrete Event Dynamic Systems},
  volume={24},
  number={4},
  pages={447--471},
  year={2014},
  publisher={Springer}
}


@article{spsa,
 author = {S. Bhatnagar and M. C. Fu and S. I. Marcus and I. Wang},
 title = {Two-timescale simultaneous perturbation stochastic approximation using deterministic perturbation sequences},
 journal = {ACM Trans. Model. Comput. Simul.},
 volume = {13},
 issue = {2},
 month = {April},
 year = {2003},
 issn = {1049-3301},
 pages = {180--209},
 numpages = {30},
 url = {http://doi.acm.org/10.1145/858481.858486},
 doi = {http://doi.acm.org/10.1145/858481.858486},
 acmid = {858486},
 publisher = {ACM},
 address = {New York, NY, USA},
 keywords = {Hadamard matrices, SPSA, Simulation optimization, deterministic perturbations, stochastic approximation, two-timescale algorithms},
} 


@article{Tsit,
	Author = {J. N. Tsitsiklis and B. Van Roy},
	Institution = {IEEE Transactions on Automatic Control},
	Title = {An analysis of temporal-difference learning with function approximation},
	Year = {1997}}


@article{qlearn,
  title={Q-learning},
  author={C. J. Watkins and P. Dayan},
  journal={Machine learning},
  volume={8},
  number={3-4},
  pages={279--292},
  year={1992},
  publisher={Springer}
}


@inproceedings{aaaiwork,
  author    = {C. Lakshminarayanan and
               S. Bhatnagar},
  title     = {A Generalized Reduced Linear Program for Markov Decision Processes},
  booktitle = {Proceedings of the Twenty-Ninth {AAAI} Conference on Artificial Intelligence,
               January 25-30, 2015, Austin, Texas, {USA.}},
  pages     = {2722--2728},
  year      = {2015},
  crossref  = {DBLP:conf/aaai/2015},
  url       = {http://www.aaai.org/ocs/index.php/AAAI/AAAI15/paper/view/9838},
  timestamp = {Sun, 12 Apr 2015 15:18:08 +0200},
  biburl    = {http://dblp.uni-trier.de/rec/bib/conf/aaai/Lakshminarayanan15},
  bibsource = {dblp computer science bibliography, http://dblp.org}
}

@inproceedings{cdcwork,
  author    = {L. Chandrashekar and
               S. Bhatnagar},
  title     = {Approximate Dynamic Programming with (min; +) linear function approximation
               for Markov decision processes},
  booktitle = {53rd {IEEE} Conference on Decision and Control, {CDC} 2014, Los Angeles,
               CA, USA, December 15-17, 2014},
  pages     = {1588--1593},
  year      = {2014},
  crossref  = {DBLP:conf/cdc/2014},
  url       = {http://dx.doi.org/10.1109/CDC.2014.7039626},
  doi       = {10.1109/CDC.2014.7039626},
  timestamp = {Wed, 18 Feb 2015 19:58:52 +0100},
  biburl    = {http://dblp.uni-trier.de/rec/bib/conf/cdc/LakshminarayananB14},
  bibsource = {dblp computer science bibliography, http://dblp.org}
}


@inproceedings{hcompwork,
  author    = {L. Chandrashekar and
               A.Dubey and
               S. Bhatnagar and
               B. Chithralekha},
  title     = {A Markov Decision Process Framework for Predictable Job Completion
               Times on Crowdsourcing Platforms},
  booktitle = {Proceedings of the Seconf {AAAI} Conference on Human Computation and
               Crowdsourcing, {HCOMP} 2014, November 2-4, 2014, Pittsburgh, Pennsylvania,
               {USA}},
  year      = {2014},
}


@article{eh,
  title={Power management in energy harvesting sensor networks},
  author={A. Kansal and J. Hsu and S. Zahedi and M. B. Srivastava},
  journal={ACM Transactions on Embedded Computing Systems (TECS)},
  volume={6},
  number={4},
  pages={32},
  year={2007},
  publisher={ACM}
}


@inproceedings{sw,
  title={Towards optimal sleep scheduling in sensor networks for rare-event detection},
  author={Q. Cao and T. Abdelzaher and T. He and J. Stankovic},
  booktitle={Proceedings of the 4th international symposium on Information processing in sensor networks},
  pages={4},
  year={2005},
  organization={IEEE Press}
}

@article{clinical,
  title={Bandit solutions provide unified ethical models for randomized clinical trials and comparative effectiveness research},
  author={W. H. Press},
  journal={Proceedings of the National Academy of Sciences},
  volume={106},
  number={52},
  pages={22387--22392},
  year={2009},
  publisher={National Acad Sciences}
}

@article{mH1,
  title={Sample size calculations for micro-randomized trials in mHealth},
  author={P. Liao and P. Klasnja and A. Tewari and S. A. Murphy},
  journal={Statistics in medicine},
  year={2015},
  publisher={Wiley Online Library}
}


@article{borkarQ,
  author    = {V. S. Borkar and
               S. P. Meyn},
  title     = {Risk-Sensitive Optimal Control for Markov Decision Processes
               with Monotone Cost},
  journal   = {Math. Oper. Res.},
  volume    = {27},
  number    = {1},
  year      = {2002},
  pages     = {192-209},
}

@article{alp,
  author    = "D. P. de Farias and B. Van Roy",
  title     = "The Linear Programming Approach to Approximate Dynamic Programming",
  journal   = "Operations Research",
  volume    = "51",
  number    = "6",
  year      = "2003",
  pages     = "850-865",
}


@inproceedings{convex,
  title={Stochastic convex optimization with bandit feedback},
  author={A. Agarwal and D. P. Foster and D. J. Hsu and S. M. Kakade and A. Rakhlin},
  booktitle={Advances in Neural Information Processing Systems},
  pages={1035--1043},
  year={2011}
}

