
@book{rl,
	Address = {Cambridge, MA, USA},
	Author = { R. S. Sutton and A. G. Barto},
	Edition = {1st},
	Isbn = {0262193981},
	Publisher = {MIT Press},
	Title = {Introduction to Reinforcement Learning},
	Year = {1998}}


@book{sa,
    author    = "V. S. Borkar",
    title     = "Stochastic Approximation: A Dynamical Systems Viewpoint",
    year      = "2008",
    publisher = "TRIM",
}

@book{BertB,
	Address = {Belmont, MA},
	Author = {Bertsekas, D. P.},
	Date-Modified = {2015-06-13 15:43:41 +0000},
	Edition = {4th},
	Publisher = {Athena Scientific},
	Title = {Dynamic Programming and Optimal Control},
	Volume = {II},
	Year = {2013}}



@inproceedings{hcomp,
  author    = {L. Chandrashekar and
               A.Dubey and
               S. Bhatnagar and
               B. Chithralekha},
  title     = {A Markov Decision Process Framework for Predictable Job Completion
               Times on Crowdsourcing Platforms},
  booktitle = {Proceedings of the Seconf {AAAI} Conference on Human Computation and
               Crowdsourcing, {HCOMP} 2014, November 2-4, 2014, Pittsburgh, Pennsylvania,
               {USA}},
  year      = {2014},
}



@inproceedings{cdc,
  author    = {L. Chandrashekar and
               S. Bhatnagar},
  title     = {Approximate Dynamic Programming with (min; +) linear function approximation
               for Markov decision processes},
  booktitle = {53rd {IEEE} Conference on Decision and Control, {CDC} 2014, Los Angeles,
               CA, USA, December 15-17, 2014},
  pages     = {1588--1593},
  year      = {2014},
}



@inproceedings{aaai,
  author    = {L. Chandashekar and
               S. Bhatnagar},
  title     = {A Generalized Reduced Linear Program for Markov Decision Processes},
  booktitle = {Proceedings of the Twenty-Ninth {AAAI} Conference on Artificial Intelligence,
               January 25-30, 2015, Austin, Texas, {USA.}},
  pages     = {2722--2728},
  year      = {2015},
}

@book{boyd,
  title={Convex optimization},
  author={Boyd, Stephen and Vandenberghe, Lieven},
  year={2004},
  publisher={Cambridge university press}
}



@book{ross,
  title={Stochastic processes},
  author={S. M. Ross},
  volume={2},
  year={1996},
  publisher={John Wiley \& Sons New York}
}

@book{rossbasic,
  title={Introduction to probability models},
  author={Ross, Sheldon M},
  year={2014},
  publisher={Academic press}
}


@book{hayt,
  title={Engineering circuit analysis},
  author={W. H. Hayt and J. E. Kemmerly and S. M. Durbin},
  year={1986},
  publisher={McGraw-Hill New York}
}


@book{ss,
  title={Signals and systems},
  author={A. V. Oppenheim and A. S. Willsky and S. H. Nawab},
  year={2014},
  publisher={Pearson}
}


@book{mano,
  title={Digital design},
  author={M. M. Mano},
  year={2002},
  publisher={EBSCO Publishing, Inc.}
}


@book{det,
  title={An introduction to signal detection and estimation},
  author={H. V. Poor},
  year={2013},
  publisher={Springer Science \& Business Media}
}


@book{mup,
  title={Microprocessor architecture, programming, and applications with the 8085},
  author={Gaonkar, Ramesh S},
  year={1995},
  publisher={Prentice-Hall, Inc.}
}


@book{la,
  title={Introduction to Linear Algebra},
  author={G. S. Strang, Gilbert},
  volume={3},
  year={1993},
  publisher={Wellesley-Cambridge Press Wellesley, MA}
}


@book{algo,
  title={Introduction to algorithms},
  author={T. H. Cormen and C. E. Leiserson and R. L. Rivest and C. Stein},
  volume={6},
  year={2001},
  publisher={MIT press Cambridge}
}


@book{sedra,
  title={Microelectronic circuits},
  author={A. S. Sedra and K. C. Smith},
  year={1982},
  publisher={Holt, Rinehart and Winston}
}


@book{franco,
  title={Design with operational amplifiers and analog integrated circuits},
  author={S. Franco},
  year={2001},
  publisher={McGraw-Hill}
}


@book{ogata,
  title={Modern control engineering},
  author={Ogata, Katsuhiko},
  year={2001},
  publisher={Prentice Hall PTR}
}


@book{em,
  title={Advanced engineering mathematics},
  author={E. Kreyszig},
  year={1988},
  publisher={John Wiley \& Sons}
}


@misc{sschool,
 title = {{C}{S}{A} {U}ndergraduate {S}ummer {S}chool, http://events.csa.iisc.ernet.in/summerschool2014/},

    }

@misc{tube,
 title = {Introduction to {L}inear {A}lgebra, https://www.youtube.com/watch?v=Qr-ICG9wRz8},

    }

